% use `texdoc biblatex` to get help
@www{zjuthesisrules,
    title = {浙江大学本科生毕业论文（设计）编写规则},
    author = {浙江大学本科生院},
    year = {2018},
    url = {http://bksy.zju.edu.cn/attachments/2018-01/01-1517384518-1149149.pdf},
}
@www{tikz,
    title = {tikz宏包},
    author = {Till Tantau},
    year = {2018},
    url = {https://sourceforge.net/projects/pgf/},
}
@inproceedings{liu2014control,
  title={Control in a safe set: Addressing safety in human-robot interactions},
  author={Liu, Changliu and Tomizuka, Masayoshi},
  booktitle={ASME 2014 Dynamic Systems and Control Conference},
  pages={V003T42A003--V003T42A003},
  year={2014},
  organization={American Society of Mechanical Engineers}
}
@inproceedings{broquere2008soft,
  title={Soft motion trajectory planner for service manipulator robot},
  author={Broquere, Xavier and Sidobre, Daniel and Herrera-Aguilar, Ignacio},
  booktitle={2008 IEEE/RSJ International Conference on Intelligent Robots and Systems},
  pages={2808--2813},
  year={2008},
  organization={IEEE}
}
@inproceedings{lasota2014toward,
  title={Toward safe close-proximity human-robot interaction with standard industrial robots},
  author={Lasota, Przemyslaw A and Rossano, Gregory F and Shah, Julie A},
  booktitle={2014 IEEE International Conference on Automation Science and Engineering (CASE)},
  pages={339--344},
  year={2014},
  organization={IEEE}
}

@incollection{khatib1986real,
  title={Real-time obstacle avoidance for manipulators and mobile robots},
  author={Khatib, Oussama},
  booktitle={Autonomous robot vehicles},
  pages={396--404},
  year={1986},
  publisher={Springer}
}

@inproceedings{ames2014control,
  title={Control barrier function based quadratic programs with application to adaptive cruise control},
  author={Ames, Aaron D and Grizzle, Jessy W and Tabuada, Paulo},
  booktitle={53rd IEEE Conference on Decision and Control},
  pages={6271--6278},
  year={2014},
  organization={IEEE}
}

@article{gracia2013reactive,
  title={Reactive sliding-mode algorithm for collision avoidance in robotic systems},
  author={Gracia, Luis and Garelli, Fabricio and Sala, Antonio},
  journal={IEEE Transactions on Control Systems Technology},
  volume={21},
  number={6},
  pages={2391--2399},
  year={2013},
  publisher={IEEE}
}